@misc{veripool,
author = {},
title = {{I}ntro - {V}erilator - {V}eripool},
howpublished = {\url{https://www.veripool.org/wiki/verilator}},
month = {},
year = {},
note = {(Accessed on 12/21/2019)}
}

@misc{i2s,
author = {},
title = {{I}2{S} - {W}ikiwand},
howpublished = {\url{https://www.wikiwand.com/en/I%C2%B2S}},
month = {},
year = {},
note = {(Accessed on 12/21/2019)}
}

@misc{avalon,
author = {},
title = {{A}valon {I}nterface {S}pecifications},
howpublished = {\url{https://www.intel.com/content/www/us/en/programmable/documentation/nik1412467993397.html}},
month = {},
year = {},
note = {(Accessed on 12/21/2019)}
}

@misc{mmap,
author = {},
title = {Embedded Linux Beginners Guide | Documentation | RocketBoards.org},
howpublished = {\url{https://rocketboards.org/foswiki/Documentation/EmbeddedLinuxBeginnerSGuide}},
month = {},
year = {},
note = {(Accessed on 12/21/2019)}
}